@inproceedings{MingqianLi2021TrafficFP,
  title={Traffic Flow Prediction with Vehicle Trajectories.},
  author={Mingqian Li and Panrong Tong and Mo Li and Zhongming Jin and Jianqiang Huang and Xian-Sheng Hua},
  booktitle={National Conference on Artificial Intelligence},
  year={2021}
}

@inproceedings{10.1145/3474717.3483923,
  author = {Wang, Jingyuan and Jiang, Jiawei and Jiang, Wenjun and Li, Chao and Zhao, Wayne Xin},
  title = {LibCity: An Open Library for Traffic Prediction},
  year = {2021},
  isbn = {9781450386647},
  publisher = {Association for Computing Machinery},
  address = {New York, NY, USA},
  url = {https://doi.org/10.1145/3474717.3483923},
  doi = {10.1145/3474717.3483923},
  booktitle = {Proceedings of the 29th International Conference on Advances in Geographic Information Systems},
  pages = {145-148},
  numpages = {4},
  keywords = {Spatial-temporal System, Reproducibility, Traffic Prediction},
  location = {Beijing, China},
  series = {SIGSPATIAL '21}
}
