@inproceedings{MingqianLi2021TrafficFP,
  title={Traffic Flow Prediction with Vehicle Trajectories.},
  author={Mingqian Li and Panrong Tong and Mo Li and Zhongming Jin and Jianqiang Huang and Xian-Sheng Hua},
  booktitle={National Conference on Artificial Intelligence},
  year={2021}
}

@inproceedings{10.1145/3474717.3483923,
  author = {Wang, Jingyuan and Jiang, Jiawei and Jiang, Wenjun and Li, Chao and Zhao, Wayne Xin},
  title = {LibCity: An Open Library for Traffic Prediction},
  year = {2021},
  isbn = {9781450386647},
  publisher = {Association for Computing Machinery},
  address = {New York, NY, USA},
  url = {https://doi.org/10.1145/3474717.3483923},
  doi = {10.1145/3474717.3483923},
  booktitle = {Proceedings of the 29th International Conference on Advances in Geographic Information Systems},
  pages = {145-148},
  numpages = {4},
  keywords = {Spatial-temporal System, Reproducibility, Traffic Prediction},
  location = {Beijing, China},
  series = {SIGSPATIAL '21}
}

@article{yin2021deep,
  title={Deep learning on traffic prediction: Methods, analysis and future directions},
  author={Yin, Xueyan and Wu, Genze and Wei, Jinze and Shen, Yanming and Qi, Heng and Yin, Baocai},
  journal={IEEE Transactions on Intelligent Transportation Systems},
  year={2021},
  publisher={IEEE}
}

@article{jiang2021graph,
  title={Graph neural network for traffic forecasting: A survey},
  author={Jiang, Weiwei and Luo, Jiayun},
  journal={arXiv preprint arXiv:2101.11174},
  year={2021}
}

@article{yao2020dynamic,
  title={A dynamic optimization method for adaptive signal control in a connected vehicle environment},
  author={Yao, Zhihong and Jiang, Yangsheng and Zhao, Bin and Luo, Xiaoling and Peng, Bo},
  journal={Journal of Intelligent Transportation Systems},
  volume={24},
  number={2},
  pages={184--200},
  year={2020},
  publisher={Taylor \& Francis}
}

@article{haklay2008openstreetmap,
  title={Openstreetmap: User-generated street maps},
  author={Haklay, Mordechai and Weber, Patrick},
  journal={IEEE Pervasive computing},
  volume={7},
  number={4},
  pages={12--18},
  year={2008},
  publisher={Ieee}
}

@article{Yang2018FastMM,
  title={Fast map matching, an algorithm integrating hidden Markov model with precomputation},
  author={Can Yang and Gyozo Gidofalvi},
  journal={International Journal of Geographical Information Science},
  year={2018},
  volume={32},
  number={3},
  pages={547 - 570}
}

@article{lee2021short,
  title={Short-term traffic prediction with deep neural networks: A survey},
  author={Lee, Kyungeun and Eo, Moonjung and Jung, Euna and Yoon, Yoonjin and Rhee, Wonjong},
  journal={IEEE Access},
  volume={9},
  pages={54739--54756},
  year={2021},
  publisher={IEEE}
}

@article{bai2020adaptive,
  title={Adaptive graph convolutional recurrent network for traffic forecasting},
  author={Bai, Lei and Yao, Lina and Li, Can and Wang, Xianzhi and Wang, Can},
  journal={Advances in Neural Information Processing Systems},
  volume={33},
  pages={17804--17815},
  year={2020}
}

@article{wu2019graph,
  title={Graph wavenet for deep spatial-temporal graph modeling},
  author={Wu, Zonghan and Pan, Shirui and Long, Guodong and Jiang, Jing and Zhang, Chengqi},
  journal={arXiv preprint arXiv:1906.00121},
  year={2019}
}

@inproceedings{lai2018modeling,
  title={Modeling long-and short-term temporal patterns with deep neural networks},
  author={Lai, Guokun and Chang, Wei-Cheng and Yang, Yiming and Liu, Hanxiao},
  booktitle={The 41st International ACM SIGIR Conference on Research \& Development in Information Retrieval},
  pages={95--104},
  year={2018}
}

@inproceedings{wu2020connecting,
  title={Connecting the dots: Multivariate time series forecasting with graph neural networks},
  author={Wu, Zonghan and Pan, Shirui and Long, Guodong and Jiang, Jing and Chang, Xiaojun and Zhang, Chengqi},
  booktitle={Proceedings of the 26th ACM SIGKDD International Conference on Knowledge Discovery \& Data Mining},
  pages={753--763},
  year={2020}
}

@inproceedings{deng2021st,
  title={ST-Norm: Spatial and Temporal Normalization for Multi-variate Time Series Forecasting},
  author={Deng, Jinliang and Chen, Xiusi and Jiang, Renhe and Song, Xuan and Tsang, Ivor W},
  booktitle={Proceedings of the 27th ACM SIGKDD Conference on Knowledge Discovery \& Data Mining},
  pages={269--278},
  year={2021}
}
